2242 3682
298 229 476 280 APPENDIX
493 231 536 281 TO
554 231 816 282 INTRODUCTION
953 225 1001 283 cxi

402 582 444 630 ΟΤ
465 580 591 628 ΤΑΎΤΟΝ
613 581 713 629 Eleon

111 721 203 770 ano
215 718 325 786 quidem,
338 722 369 769 ut
379 719 408 767 in
417 717 491 767 rebus
502 717 575 766 novis
587 717 664 766 ferme
674 717 711 778 fit,
727 721 802 768 erunt
812 721 856 784 qui
872 720 1000 771 fallantur.

110 798 168 857 Hac
184 797 314 862 rogatione
330 795 426 861 perleta
445 810 609 860 unaquaeque
629 794 713 859 puella
730 795 768 845 nil
788 812 871 846 morae
888 798 1003 848 futurum

110 875 175 939 quin
191 875 301 938 nuptum
317 872 392 923 detur
408 871 570 922 existimabit.
608 870 682 920 Pueri
698 872 742 936 qui
759 873 901 924 Minervam
917 875 1005 926 colunt

109 951 160 1002 eibi
171 965 317 1016 persuasum
327 949 458 999 habebunt
469 950 521 998 iore
531 952 561 998 ut
572 947 639 1013 leges
649 950 827 1014 grammaticae
838 953 1005 1016 antiquentur

110 1032 138 1078 et
148 1027 317 1078 crustulorum
329 1043 429 1077 annona
440 1025 545 1076 tandem
556 1023 692 1090 aliquando
700 1026 781 1076 laxior
789 1027 841 1078 fiat.
872 1029 1005 1079 Tesserarii

110 1109 137 1156 et
154 1106 312 1155 centuriones
329 1102 422 1169 duplex
439 1102 595 1168 stipendium
611 1103 660 1153 sibi
676 1105 845 1168 promittent;
869 1107 962 1156 Bavius
979 1111 1005 1158 et

111 1184 226 1234 Maevius
236 1183 313 1232 libros
325 1197 382 1232 suos
393 1197 461 1231 nuno
472 1180 574 1231 demum
585 1181 661 1230 Sosiis
672 1197 729 1231 aera
745 1184 877 1234 merituros
893 1183 1001 1237 credent.

112 1262 200 1322 Stulti,
221 1265 252 1310 ut
270 1271 374 1326 semper,
397 1260 490 1310 frustra
509 1262 601 1321 erunt;
625 1258 740 1310 homines
762 1277 821 1311 vero
843 1263 1001 1328 perspicaces,

111 1339 204 1406 quibus
215 1337 277 1404 quid
289 1338 363 1389 liceat
373 1353 470 1403 sperare
481 1340 578 1397 notum,
590 1336 628 1386 nil
636 1352 742 1402 parvum
750 1339 837 1404 profici
845 1339 1001 1406 intellegent.
1024 1404 1031 1420 .

391 1800 547 1850 PRAEMIA
570 1799 730 1850 MILITIAE

113 1946 272 1994 Aoonrfflus
290 1941 341 1990 fore
357 1944 388 1991 ut
404 1939 529 1991 militibus
546 1939 714 1990 exauctoratis
736 1954 792 1989 aera
814 1937 957 2004 procedant,
980 1943 1006 1990 et

112 2021 163 2071 alia
174 2017 296 2070 accedant
306 2016 467 2068 commoda
447 2033 469 2067 11
479 2017 563 2067 denuo
574 2017 677 2067 nomina
688 2015 783 2078 edant,
799 2019 859 2066 1111
851 2015 938 2082 apud
949 2033 1005 2067 con-

113 2097 248 2163 quisitores
259 2095 300 2145 vel
310 2092 343 2144 ad
354 2095 448 2145 stativa
465 2070 584 2159 cuiusque
600 2093 705 2159 legionis
722 2054 893 2159 profiteantur,
909 2094 1006 2144 viritim

113 2173 199 2225 deberi
210 2172 401 2238 conscriptionis
412 2170 550 2222 mercedem
561 2174 587 2220 et
599 2171 720 2221 viaticum
732 2171 776 2220 Hs
788 2186 930 2236 sexagenos.

382 2519 495 2570 SERMO
519 2519 744 2570 OONVIVIALIS

114 2662 181 2714 0130
193 2657 297 2710 tandem
308 2659 423 2724 apposito
439 2659 503 2707 ‘iam
515 2673 602 2707 cenare
619 2658 700 2719 libet,'
713 2657 798 2707 Pisoni
815 2656 882 2707 dixit
898 2659 924 2706 et
939 2655 1009 2706 ‘ideo

114 2738 276 2806 potissimum
286 2736 350 2786 mihi
361 2734 554 2786 admirationem
564 2749 649 2784 moves
659 2733 728 2800 quod
739 2737 792 2783 tam
808 2734 888 2798 perite
904 2732 1009 2797 Anglioe

113 2815 224 2882 loqueris
235 2816 266 2863 ut
281 2828 355 2874 nemo
371 2813 452 2878 possit
467 2811 725 2877 melius.'-‘Lingua
742 2810 867 2876 Anglioa‚’
880 2809 1010 2875 respondit

115 2894 181 2954 Piso,
197 2891 326 2957 ‘quamvis
337 2893 427 2955 argute
438 2890 472 2940 sit
483 2893 569 2940 tamen
581 2905 609 2938 ea
620 2892 659 2939 est
669 2905 746 2954 quam
758 2888 814 2953 quis
825 2888 898 2938 facile
909 2887 1006 2939 calleat.

116 2971 191 3020 Fines
206 2968 259 3018 eius
269 2983 359 3033 parum
370 2967 464 3032 ampli:
482 2967 575 3032 quippe
586 2970 707 3031 quattuor
718 2969 828 3026 tantum,
842 2964 911 3030 quod
922 2966 1006 3028 seiam,

115 3047 220 3098 nomina
235 3044 336 3094 habeat.
373 3043 404 3093 Ei
420 3044 487 3093 enim
504 3059 542 3093 res
553 3043 657 3108 quaevis
669 3044 707 3092 est
718 3045 764 3092 aut
775 3042 858 3104 lepida
866 3044 1010 3104 autfesticc

115 3126 161 3174 aut
172 3121 255 3172 1111111
269 3123 315 3170 aut
331 3121 446 3180 eructem
463 3122 590 3184 praeterea
607 3117 675 3184 apud
692 3116 826 3167 nonnullos
843 3121 955 3167 auctores
972 3122 1010 3169 eet

117 3209 144 3254 et
154 3206 185 3253 11
195 3201 310 3252 delict&
