2242 3682
117 275 181 315 xxx
354 266 477 317 CICERO
495 267 534 317 IN
552 266 611 316 HIS
629 264 777 316 LETTERS

156 419 205 478 Qui
215 418 258 468 hic
274 422 359 483 potest
375 435 401 468 se
417 435 500 484 gerere
516 435 568 469 non
585 418 700 484 perdite)
733 419 830 469 Vetant
841 419 902 481 vita,
917 436 1007 483 mores,

115 497 259 557 antefacta,
271 497 336 547 ratio
348 497 457 562 suscepti
465 497 569 562 negotii,
581 496 649 558 sccii,
660 495 725 546 vires
735 496 859 547 bonorum
874 500 920 547 aut
932 499 1009 548 etiam

115 575 275 624 constantial
309 574 374 635 (Att.
389 574 423 624 ix.
438 577 477 634 2o,
491 575 525 637 2.)

155 650 235 703 Ardet
251 651 333 701 furore
350 655 376 700 et
392 651 481 701 scelere
498 687 505 702 .
524 687 530 700 .
549 687 556 701 .
576 667 622 700 nec
638 651 690 704 iam
707 654 804 701 recusat
823 650 867 701 aed
887 651 1008 718 quodam·

114 727 189 777 modo
211 729 324 793 postulat
351 732 388 790 ut,
411 727 623 794 quemadmodum
642 731 688 789 est,
709 729 745 777 sic
768 729 845 778 etiam
866 729 1009 794 appelletur

114 809 245 872 tyrannus.
282 807 347 866 (Ate
363 810 423 867 ul,
438 807 471 866 2.)

130 963 196 1035 .‚(2)
218 961 319 1019 (laesar
346 962 370 1018 ie
398 960 486 1018 called
509 960 641 1034 perditos
667 959 735 1018 ciois
763 957 837 1038 (Ast.
862 962 908 1020 vii.
935 959 987 1040 13)
999 985 1008 1037 3

108 1058 320 1133 perditissime
339 1058 415 1130 (Att.
428 1059 486 1115 viii.
504 1055 557 1134 2);
584 1067 724 1132 tyrannos
738 1056 811 1134 (Att.
828 1059 875 1116 vi'u
893 1059 939 1129 20,
952 1060 1008 1117 and

108 1152 238 1231 pesum).
283 1156 338 1212 Hie
352 1155 470 1212 conduct
483 1155 508 1211 ie
515 1156 606 1229 soror
621 1153 694 1231 (Att.
707 1155 754 1212 vi'u
773 1155 832 1232 14),
847 1154 902 1212 and
922 1157 1008 1214 scelos

114 1248 252 1329 docte)

153 1418 198 1497 (3)
220 1418 315 1476 (licere
328 1417 409 1476 could
423 1422 473 1474 not
485 1417 544 1474 face
558 1416 607 1474 the
621 1417 715 1475 odium
730 1418 762 1476 of
771 1419 839 1477 such
853 1437 870 1476 a
884 1437 985 1479 course.

152 1573 261 1631 αἰδέομαι
272 1573 358 1636 Τρῶας,
368 1570 503 1621 nouaclum
512 1570 574 1620 civis
582 1569 711 1621 sedetiam
723 1572 797 1622 amici
806 1572 886 1622 officio
893 1589 1003 1626 revocor.

112 1651 178 1710 (Att.
190 1649 234 1698 vii.
249 1652 288 1711 12,
301 1650 338 1708 3.)

152 1724 236 1776 Audio
253 1762 259 1774 .
280 1762 286 1774 .
304 1764 310 1776 .
330 1726 396 1775 hanc
407 1726 594 1776 cunctationem
604 1729 718 1776 nostram
728 1741 780 1775 non
791 1726 898 1792 probari,
913 1727 1006 1779 multa·

112 1821 160 1871 que
171 1805 199 1854 in
210 1819 250 1853 me
261 1807 288 1854 et
298 1819 382 1853 severe
392 1803 421 1852 in
432 1804 556 1853 conviviis
567 1802 725 1868 tempestivis
741 1802 844 1868 quidem
861 1803 987 1870 disputari
999 1823 1006 1868 ;

111 1881 228 1932 cedamus
239 1881 325 1947 igitur.
360 1881 428 1943 (Att.
442 1881 477 1930 ix.
491 1883 513 1942 1,
528 1881 564 1941 3.)

152 1959 206 2009 Nec
222 1959 290 2008 enim
308 1959 371 2009 serre
389 1962 475 2024 potero
495 1973 621 2008 semones
637 1959 744 2008 istorum
758 1959 901 2025 quicunque
912 1965 1006 2012 eunt-—

112 2054 163 2088 non
174 2041 235 2088 eunt
246 2037 314 2086 enim
322 2039 388 2087 certe
399 2039 430 2086 ut
440 2035 601 2101 appellantur
612 2034 679 2085 bon'a
716 2036 782 2096 (Att
793 2035 827 2085 ix.
841 2039 880 2098 2o,
895 2039 931 2102 3.)

152 2190 197 2269 (4)
219 2192 259 2248 To
269 2192 330 2263 join
344 2190 445 2248 (laceat
457 2189 550 2248 would
563 2190 598 2247 be
612 2189 833 2250 distooooroble.

152 2345 201 2394 Fac
212 2359 283 2409 posse
294 2346 369 2404 tuto3
385 2343 462 2392 multi
473 2342 541 2392 enim
551 2342 693 2393 hortantur.
722 2343 793 2394 Num
801 2343 878 2394 etlam
884 2343 1004 2398 honestet

111 2422 191 2472 Nullo
201 2420 283 2471 modo.
318 2421 384 2483 (Att
399 2420 442 2470 vii.
455 2419 563 2483 22,fio.)

151 2498 254 2548 (lautior
271 2500 337 2548 certe
354 2500 392 2547 eet
408 2497 523 2558 manei03
547 2495 676 2546 honestior
699 2497 859 2548 existimatur
880 2500 1003 2552 traiectio.

111 2576 180 2625 Malo
196 2574 326 2626 interdum
341 2574 419 2625 multi
434 2589 475 2624 me
490 2590 543 2624 non
559 2575 639 2636 caute,
654 2589 731 2639 quam
741 2575 815 2640 pauci
825 2591 877 2625 non
887 2575 1001 2641 honeste,

112 2653 197 2704 fecisse
208 2653 362 2703 existiment.
396 2651 462 2714 (Att
478 2651 531 2700 viii.
547 2653 585 2711 15,
600 2653 633 2711 2.)

152 2729 219 2791 Quid
241 2733 337 2780 rectum
359 2729 394 2778 sit
416 2730 537 2793 apparet3
565 2726 628 2792 quid
650 2728 768 2793 expediat
795 2729 927 2780 obscurum
955 2736 1000 2782 est

70 2844 77 2856 .
112 2809 192 2873 (Fam.
204 2825 228 2859 v.
246 2811 285 2870 19,
300 2808 336 2870 2.)

152 2885 192 2934 Ab
210 2885 262 2934 illie
280 2888 318 2935 cet
334 2883 481 2949 perieulum,
502 2883 525 2932 ei
540 2897 657 2948 peccaro;
681 2883 713 2932 ab
730 2884 785 2946 hoo,
800 2885 822 2934 si
839 2888 905 2936 recte
917 2886 1002 2938 fecero.

113 2964 178 3023 (Att.
190 2978 214 3012 x.
230 2964 253 3024 8,
268 2963 301 3022 5,)

153 3116 186 3174 V.
211 3115 252 3172 As
287 3115 382 3174 Cicero
408 3116 433 3172 ie
460 3117 510 3171 not
536 3113 616 3170 blind
643 3118 673 3171 to
700 3115 749 3172 the
776 3116 948 3175 weakncssos
975 3120 1007 3176 of

114 3212 261 3284 Pompeius
281 3210 336 3268 and
356 3211 400 3268 hie
420 3211 486 3282 eide,
502 3227 533 3268 sc
547 3210 582 3267 he
595 3210 697 3284 clearly
710 3211 831 3270 ducemn
845 3212 893 3270 the
907 3220 1004 3289 strong
