2242 3682
418 230 692 323 'mooonooooo
924 258 1008 318 xxvii

156 428 197 486 II.
221 380 316 486 Gioero
329 427 353 484 io
367 425 491 484 resolved
504 431 534 484 to
548 425 642 484 follow
656 426 809 499 Pompeius.

156 606 202 687 (l)
224 609 354 682 'lhrough
366 607 507 681 gratitudo
521 607 576 665 and
589 608 775 672 affection:-

155 761 221 821 Quia
232 761 263 812 do
273 777 314 812 mo
325 764 379 812 orat
389 760 484 837 optime
495 760 606 809 moritus.
641 760 706 822 (Att.
721 760 764 810 vii.
780 761 801 821 1,
817 760 852 823 2.)

155 839 230 890 Unus
248 838 381 904 Pompeius
400 853 441 888 mo
457 841 543 888 movet
553 836 672 887 beneficio
683 853 735 887 non
746 838 902 888 auctoritato
937 839 1003 901 (Att

112 917 325 1044 mctlxllllrlorita
341 992 454 1058 Pompeii
467 993 566 1042 summo
576 1007 634 1058 orgo
650 992 758 1043 salutem
774 1008 863 1054 meam,
879 992 1006 1042 familiari·

112 1076 205 1136 tuoque
221 1071 366 1136 quaemihi
382 1086 439 1120 oum
455 1086 483 1120 οο
502 1073 548 1132 ost,
562 1073 619 1120 tum
638 1070 692 1135 ipso
710 1070 861 1135 reipubliooe
877 1068 951 1122 causo
967 1087 1007 1121 me

112 1148 226 1210 adducit,
241 1151 272 1198 ut
287 1147 352 1198 mihi
368 1148 409 1199 vel
425 1147 558 1198 consilium
574 1164 658 1198 meum
675 1164 732 1198 oum
748 1149 819 1199 illius
835 1149 946 1212 oonsilio,
966 1150 1007 1200 vel

112 1227 294 1276 fortunatum
313 1225 414 1276 fortuna
433 1224 608 1291 coniungendo
627 1241 679 1276 osso
701 1225 823 1277 videatur.
858 1228 923 1290 (Att
950 1228 1003 1278 viil

112 1307 136 1366 a,
151 1304 189 1430 llll
200 1383 249 1433 τοῖς
265 1382 398 1445 εὐεργέταις
414 1383 453 1431 καὶ
470 1383 548 1443 φίλοις
559 1382 766 1444 σογκινδονεοτέον
779 1383 804 1430 ἐν
816 1385 864 1434 τοῖς
876 1385 1006 1434 πολιτικοῖς

111 1461 158 1510 κᾶν
168 1461 203 1520 μὴ
215 1461 313 1509 δοκῶσιν
325 1462 351 1509 εὖ
360 1462 533 1524 βεβουλεῦσθαι
544 1461 599 1522 περὶ
608 1461 656 1509 τῶν
667 1461 736 1509 ὅλων.
774 1461 839 1521 (Att.
853 1462 888 1511 ix.
903 1465 925 1520 4,
937 1465 974 1523 2.)

155 1536 222 1598 Quid
241 1537 264 1587 si
282 1552 335 1587 non
353 1538 440 1602 ἑταίρῳ
453 1537 535 1588 solum
554 1536 599 1587 ood
618 1537 695 1587 otiam
715 1539 847 1601 εὐεργέτῃῑ
881 1539 946 1600 (Att.
968 1539 1002 1589 ix.

112 1619 135 1678 5,
152 1617 308 1742 lllnofioium
318 1707 414 1757 sequor,
425 1692 491 1742 mihi
501 1690 580 1752 oredo,
594 1707 646 1742 non
657 1707 757 1742 oouoom
769 1727 774 1740 .
795 1727 802 1741 .
823 1729 829 1743 .
843 1708 917 1743 causa
928 1693 1007 1758 igitur

110 1787 165 1822 non
176 1771 243 1859 bona
253 1772 293 1820 ost
303 1772 311 1819 l
327 1769 404 1819 immo
416 1769 527 1834 optimo:
544 1767 588 1819 sed
599 1772 688 1834 agetur
699 1770 846 1833 (momento)
855 1769 1003 1822 foedissimo.

112 1845 367 1974 (Atlolx'nlo'hltlloule
383 1923 432 1973 hoo
448 1923 512 1973 faoio
528 1923 679 1989 reipublicae
696 1939 769 1974 oouso
791 1939 867 1990 quom
890 1923 1006 1975 funditus

111 2001 223 2052 deletam
238 2003 302 2066 puto
312 2014 329 2062 ;¹
342 1999 386 2050 sod
401 2016 434 2050 ne
450 2000 507 2065 quio
523 2016 563 2050 me
576 2003 651 2065 putot
664 2001 792 2067 ingratum
804 2001 831 2050 in
843 2017 900 2051 oum
912 2003 956 2066 qui
966 2018 1007 2053 mo

110 2078 209 2131 levavit
219 2077 251 2128 iio
262 2075 427 2127 incommodis
438 2076 530 2143 quibus
541 2076 608 2127 idem
619 2076 751 2128 adseverat.
786 2078 854 2140 (Att.
866 2078 900 2128 ix.
916 2080 954 2140 19,
970 2082 1005 2141 2.)

154 2156 208 2221 Ego
229 2170 275 2220 pro
297 2153 415 2220 Pompeio
436 2154 554 2205 lubenter
575 2154 653 2205 emon'
674 2170 781 2221 possum.
830 2156 905 2207 Faoio
926 2156 1006 2222 pluris

112 2233 227 2285 omnium
238 2232 372 2282 hominum
383 2232 517 2282 neminem.
552 2231 601 2282 Sed
612 2248 664 2282 non
676 2233 729 2285 ito:
751 2235 815 2284 ‘uno
832 2234 860 2284 in
877 2250 906 2284 oo
922 2233 1006 2285 iudioo

111 2327 183 2379 spem
195 2310 226 2361 de
237 2309 319 2360 soluto
329 2309 498 2374 reipublioao.'
532 2310 601 2370 (Att.
612 2310 665 2362 viii.
681 2314 703 2372 2,
720 2310 755 2372 4.)

154 2477 196 2556 (2)
217 2477 258 2534 As
272 2477 364 2535 loader
377 2478 409 2534 of
419 2477 468 2547 tho
483 2477 639 2550 Optimatoo
649 2498 698 2536 :—

153 2607 181 2657 Si
197 2621 286 2655 maneo
303 2607 330 2655 ot
346 2605 421 2654 illum
439 2606 588 2656 comitatum
606 2606 758 2671 optimorum
770 2609 796 2656 ot
812 2607 1005 2658 clarissimorum

111 2685 207 2736 civium
218 2683 311 2733 desero.
348 2682 414 2742 (Att.
428 2683 482 2733 viii.
497 2686 520 2744 3,
536 2685 570 2744 1.)

153 2761 277 2813 Dabimus
295 2760 344 2811 hoo
363 2759 482 2825 Pompeio
505 2758 572 2825 quod
593 2759 719 2810 debemus.
756 2760 823 2812 Nam
845 2777 885 2811 mo
903 2761 1005 2827 quidem

112 2841 178 2892 alius
194 2853 269 2889 nemo
285 2841 388 2898 movet3
413 2852 466 2886 non
484 2852 564 2886 sermo
583 2837 706 2886 bonorum
722 2838 767 2903 qui
783 2838 849 2888 nulli
859 2842 920 2889 sunt
929 2857 937 2901 ;
953 2856 1005 2891 non

111 2932 186 2969 οααεο
203 2930 268 2981 quoe
284 2917 341 2964 toto
358 2913 449 2964 timido
466 2916 511 2976 est,
534 2917 621 2979 agetur
642 2913 761 2979 improbo
806 2915 865 2978 Uni,
890 2917 936 2967 uni
957 2918 1005 2968 hoo

111 2995 210 3054 damus,
223 3007 257 3042 ne
266 2991 294 3042 id
310 2991 413 3057 quidem
428 2991 536 3056 roganti,
550 3007 596 3041 noo
606 3007 676 3041 suam
689 3007 788 3042 oausam
801 2994 840 3056 (ut
852 2994 898 3056 ait)
909 2997 1002 3060 agenti,

110 3073 155 3125 sed
166 3070 301 3138 publioom.
336 3070 401 3130 (Att.
415 3069 451 3118 ix.
465 3072 488 3129 1,
503 3072 538 3131 4.)

152 3152 184 3200 El
194 3150 235 3198 καὶ
246 3149 280 3207 μὴ
288 3147 443 3206 δοκιμάζοντα
452 3148 495 3206 τὴν
505 3147 543 3194 διὰ
552 3147 658 3206 πολέμου
669 3148 798 3196 κατάλυσιν
808 3150 851 3209 τῆς
863 3151 1003 3212 τυραννίδος,

111 3225 330 3289 σννατογραττέαν
341 3225 403 3286 ὅμως
413 3225 461 3274 τοῖς
473 3223 581 3286 ἀρίστοις.
618 3221 684 3283 (Att.
698 3223 733 3275 ix.
747 3226 771 3288 4,
785 3223 821 3292 2.)
914 3241 917 3249 ·
